<?xml version="1.0" encoding="UTF-8"?><collection xmlns="http://www.loc.gov/MARC21/slim"><record><leader>00605nam--2200181-i-4500</leader><controlfield tag="001">000041240</controlfield><controlfield tag="002">20161230</controlfield><controlfield tag="005">20161230201043</controlfield><controlfield tag="008">060222s1000------------r-----000-0-fre-d</controlfield><datafield ind1=" " ind2=" " tag="040"><subfield code="a">IFIN-HH</subfield></datafield><datafield ind1=" " ind2=" " tag="041"><subfield code="a">fre</subfield></datafield><datafield ind1=" " ind2=" " tag="080"><subfield code="a">539.19(043)</subfield></datafield><datafield ind1="1" ind2=" " tag="100"><subfield code="a">De Seguins Pazzis D`Aubignan, Olivier Rene Marie</subfield></datafield><datafield ind1="1" ind2="0" tag="245"><subfield code="a">Evolution dans le temps de quelques systemes simples en mecanique statistique clasique</subfield><subfield code="b">These</subfield><subfield code="c">Olivier rene marie de seguins pazzis d`aubignan</subfield></datafield><datafield ind1=" " ind2=" " tag="260"><subfield code="a">Paris</subfield><subfield code="b">Universite De Paris-sud, Centre D`Orsay</subfield><subfield code="c">1973</subfield></datafield><datafield ind1=" " ind2=" " tag="300"><subfield code="a">46P.+3FIG</subfield></datafield><datafield ind1=" " ind2=" " tag="852"><subfield code="a">40446</subfield><subfield code="c">531</subfield></datafield><datafield ind1=" " ind2=" " tag="CAT"><subfield code="a">Sys</subfield><subfield code="c">20110113</subfield><subfield code="h">122114</subfield></datafield></record></collection>